@INPROCEEDINGS{cgpm:3:2,
  author = {M. B. D. L. Grye and M. W. Foerster and M. R. Siegel and M. V. V. Lang and M. W. Marek and M. L. B. D. Zagon},
  booktitle = {Proceedings of the 3rd CGPM},
  title = {Resolution2: Declaration on the unit of mass and on the definition of weight; conventional value of g$_n$},
  year = {1901},
  page = {70},
  address = {Paris},
  language = {French},
}
@INPROCEEDINGS{cgpm:10:4,
  author = {Maurice DeBroglie and R. Vieweg and G. Zickner and U. Stille and E. Padelt and E. Blechschmidt},
  booktitle = {Proceedings of the 10th CGPM},
  title = {Resolution4: Definition of the standard atmosphere},
  year = {1954},
  page = {79},
  address = {Paris},
  language = {French},
}
@INPROCEEDINGS{nbs:1959,
  author = {A. V. Astin and H. A. Karo and F. H. Mueller},
  title = {Refinement of Values for the Yard and the Pound},
  year = {1959},
  month = {Jul},
  booktitle = {Federal Register},
  publisher = {National Bureau of Standards},
  address = {Washington DC},
}
@TECHREPORT{nbs:sp447,
  author = {Lewis V. Judson},
  title = {Weights and Measures Standards of the United States, a Brief History},
  institution = {National Bureau of Standards},
  address = {Washington DC, 20402},
  number = {SP447},
  year = {1976},
  month = {Mar},
}
@ARTICLE{stezmann:1991,
  author = {U. Setzmann and W. Wagner},
  title = {A new equation of state and tables of thermodynamic properties for methane convering the range from the melting line to 625 K at pressures up to 1000 K},
  journal = {Journal of Physical and Chemical Reference Data},
  volume = {20},
  year = {1991},
  pages = {1061},
  doi = {10.1063/1.555898},
}
@ARTICLE{stewart:1991,
  author = {Richard B. Stewart and Richard T. Jacobsen and W. Wagner},
  title = {Thermodynamic properties of oxygen from the triple point to 300 K with pressures to 80 MPa},
  journal = {Journal of Physical and Chemical Reference Data},
  year = {1991},
  volume = {20},
  pages = {917},
  number = {5},
}
@TECHREPORT{mcbride:1993,
  author = {Bonnie J. {McBride} and Sanford Gordon and Martin A. Reno},
  title = {Coefficients for Calculating Thermodynamic and Transport Properties of Individual Species},
  institution = {NASA},
  year = {1993},
  number = {4513},
}
@ARTICLE{tilner:1994,
  author = {Reiner Tilner-Roth and Hans D. Baehr},
  title = {An international standard formulation for the thermodynamic properties of 1,1,1,2-tetrafluoroethane (HFC-134a) for temperatures from 170 K to 455 K and pressures up to 70 MPa},
  journal = {Journal of Physical and Chemical Reference Data},
  volume = {23},
  year = {1994},
  pages = {657},
  doi = {10.1063/1.555958},
}
@ARTICLE{span:1994,
  author = {R. Span and W. Wagner},
  title = {A new equation of state for carbon dioxide covering the fluid region from the triple-point temperature to 1100 K at pressures up to 800 MPa},
  journal = {Journal of Physical and Chemical Reference Data},
  year = {1994},
  volume = {25},
  pages = {1509},
}
@BOOK{janaf:1:1998,
  author = {Malcom W. Chase},
  title = {NIST-JANAF thermochemical tables fourth edition; part I, Al-Co},
  publisher = {American Chemical Society, American Institute of Physics, and National Institute of Standards and Technology},
  year = {1998},
  address = {Gaithersburg, Maryland 20899-0001},
}
@BOOK{janaf:2:1998,
  author = {Malcom W. Chase},
  title = {NIST-JANAF thermochemical tables fourth edition; part II, Cr-Zr},
  publisher = {American Chemical Society, American Institute of Physics, and National Institute of Standards and Technology},
  year = {1998},
  address = {Gaithersburg, Maryland 20899-0001},
}
@ARTICLE{piao:1998,
  author = {Chun-Cheng Piao and Masahiro Noguchi},
  title = {An interntional standard equation of state for thermodynamic properties of hfc-125 (Pentafluoroethane)},
  journal = {Journal of Physical and Chemical Reference Data},
  year = {1998},
  volume = {27},
  pages = {775},
  doi = {10.1063/1.556021},
}
@ARTICLE{tegeler:1999,
  author = {Ch. Tegeler and Roland Span and Wolfgang Wagner},
  title = {A new equation of state for argon covering the fluid region for temperatures form the metling line to 700 K at pressures up to 1000 MPa},
  journal = {Journal of Physical and Chemical Reference Data},
  year = {1999},
  volume = {28},
  pages = {779},
  doi = {10.1063/1.556037},
}
@ARTICLE{lemmon:2000,
  title = {An International Standard Formulation for the Thermodynamic Properties of 1,1,1-Trifluoroethane (HFC-143a) for Temperatures From 161 to 450 K and Pressures to 50 MPa},
  author = {Eric W. Lemmon and Richard T. Jacobsen},
  journal = {Journal of Physical and Chemical Reference Data},
  volume = {29},
  number = {4},
  pages = {521-552},
  year = {2000},
  doi = {10.1063/1.1318909},
}
@ARTICLE{lemmon:1999,
  author = {Eric W. Lemmon and Richard T. Jacobsen and Steven G. Penocello and Daniel G. Friend},
  title = {Thermodynamic Properties of Air and Mixtures of Nitrogen, Argon, and Oxygen from 60 to 2000 K at Pressures to 2000 MPa},
  journal = {Journal of Physical and Chemical Reference Data},
  year = {2000},
  volume = {29},
  pages = {331},
  doi = {10.1063/1.1285884},
}
@ARTICLE{span:2000,
  title = {A Reference Equation of State for theThermodynamic Properties of Nitrogen forTemperatures from 63.151 to 1000 K andPressures to 2200 MPa},
  author = {Roland Span and Eric W. Lemmon and Richard T. Jacobsen and Wolfgang Wagner and Akimichi Yokozeki},
  journal = {Journal of Physical and Chemica Reference Data},
  volume = {29},
  number = {6},
  year = {2000},
  pages = {1361-1433},
}
@TECHREPORT{nist:sp1038,
  author = {Kenneth Butcher and Linda Crown and Elizabeth J. Gentry},
  institution = {Weights and Measures Division, {NIST}},
  title = {The International System of Units (SI) - Conversion Factors for General Use},
  number = {SP1038},
  year = {2006},
  month = {May},
}
@TECHREPORT{nist:sp811,
  author = {Ambler Thompson and Barry N. Taylor},
  title = {Guide for the Use of the International System of Units},
  year = {2008},
  month = {Mar},
  number = {SP811},
  institution = {NIST},
  address = {Gaithersburg, MD 20899},
}
@ARTICLE{leachman:2009,
  author = {J. W. Leachman and R. T. Jacobsen and S. G. Penoncello and E. W. Lemmon},
  title = {Fundamental equations of state for parahydrogen, normal hydrogen, and orthohydrogen},
  journal = {Journal of Physical and Chemical Reference Data},
  year = {2009},
  volume = {38},
  pages = {721},
  doi = {10.1063/1.3160306},
}
@ARTICLE{zhou:2011,
  author = {Young Zhou and Jiangtao Wu and Eric W. Lemmon},
  title = {Thermodynamic Properties of Dimethyl Carbonate},
  journal = {Journal of Physical and Chemical Reference data},
  year = {2011},
  volume = {40},
  pages = {043106},
  doi = {10.1063/1.3664084},
}
@ARTICLE{richardson:2013,
  author = {I. A. Richardson and J. W. Leachman and E. W. Lemmon},
  title = {Fundamental equation of state for deuterium},
  journal = {Journal of Physical and Chemical Reference Data},
  year = {2014},
  volume = {43},
  pages = {013103},
  doi = {10.1063/1.4864752},
}
@TECHREPORT{iapws:2014,
  author = {Tamara Petrova},
  title = {Revised release on the IAPWS formulation 1995 for the thermodynamic properties of ordinary water substance for general and scientific use},
  organization = {The International Association for the Properties of Water and Steam},
  year = {2014},
}
@ARTICLE{akasaka:2015,
  author = {Ryo Akasaka and Young Zhou and Eric W. Lemmon},
  title = {A fundamental equation of state for 1,1,1,3,3-pentafluoropropane (R-245fa)},
  journal = {Journal of Physical and Chemical Reference Data},
  volume = {44},
  year = {2015},
  pages = {013104},
  doi = {10.1063/1.4913493},
}
@BOOK{crc,
  author = {John R. Rumble},
  title = {CRC Handbook of Chemistry and Physics},
  publisher = {Taylor and Francis},
  year = {2018},
  address = {Boca Raton, FL},
  edition = {98th},
}
@BOOK{si:2019,
  title = {The International System of Units},
  author = {B. Inglis and J. Ulrich and M.J.T. Milton},
  publisher = {BIPM},
  year = {2019},
  edition = {9th},
  address = {Creative Commons},
  isbn = {978-92-822-2272-0},
}
@ARTICLE{mangold:2019,
  author = {F. Mangold and St. Pilz and S. Bjelic and F. Volgel},
  title = {Equation of state and thermodynamic properties for mixtures of H2O, O2, N2, and CO2 from ambient up to 1000 K and 280 MPa},
  journal = {The Journal of Supercritical Fluids},
  year = {2019},
  pages = {104476},
  volume = {153},
  doi = {10.1016/j.supflu.2019.02.016},
}
@MISC{nist:webbook,
  howpublished = {National Institute for Standards and Technology, https://webbook.nist.gov/},
  note = {accessed: Jun, 2021},
}
@ARTICLE{khattab:2012,
  author = {Ibrahim S. Khattab and Farzana Bandarkar and Maryam Khoubnasabjafari and Abolghasem Jouyban},
  title = {Density, viscosity, surface tension, and molar volume of propylene glycol + water mixtures from 293 to 323 K and correlations by the Jouyban-Acree model},
  journal = {Arabian Journal of Chemistry},
  year = {2021},
  volume = {10},
  pages = {S71},
  doi = {10.1016/j.arabjc.2012.07.012},
}
@ARTICLE{eisenbach:2021,
  author = {Tim Eisenbach and Chris Scholz and Roland Span and Diego Cristancho and Eric W. Lemmon and Monika Thol},
  title = {Speed-of-sound measurements and a fundamental equation of state for propylene glycol},
  journal = {Journal of Physical and Chemical Reference Data},
  year = {2021},
  volume = {50},
  pages = {023105},
  doi = {10.1063/5.0050021},
}
